@article{kepler,
  title={De Cometis Libelli III. Astronomicus ... Physicus ... Astrologicus},
  author={Kepler, Johannes},
  journal={De cometis libelli tres I. astronomicus}
}
@article{maxwell1865viii,
  title={VIII. A dynamical theory of the electromagnetic field},
  author={Maxwell, James Clerk},
  journal={Philosophical transactions of the Royal Society of London},
  number={155},
  pages={459--512},
  year={1865},
  publisher={The Royal Society London}
}
@article{ashkin1997optical,
  title={Optical trapping and manipulation of neutral particles using lasers},
  author={Ashkin, Arthur},
  journal={Proceedings of the National Academy of Sciences},
  volume={94},
  number={10},
  pages={4853--4860},
  year={1997},
  publisher={National Acad Sciences}
}
@article{moffitt2008recent,
  title={Recent advances in optical tweezers},
  author={Moffitt, Jeffrey R and Chemla, Yann R and Smith, Steven B and Bustamante, Carlos},
  journal={Annu. Rev. Biochem.},
  volume={77},
  pages={205--228},
  year={2008},
  publisher={Annual Reviews}
}
@article{nichols1901preliminary,
  title={A preliminary communication on the pressure of heat and light radiation},
  author={Nichols, Ernest Fox and Hull, Gordon Ferrie},
  journal={Physical Review (Series I)},
  volume={13},
  number={5},
  pages={307},
  year={1901},
  publisher={APS}
}
@article{lebedev1883experimental,
  title={Experimental examination of light pressure},
  author={Lebedev, P},
  journal={Nuovo Cimento},
  volume={15},
  number={195},
  pages={195},
  year={1883}
}
@article{ashkin1997optical,
  title={Optical trapping and manipulation of neutral particles using lasers},
  author={Ashkin, Arthur},
  journal={Proceedings of the National Academy of Sciences},
  volume={94},
  number={10},
  pages={4853--4860},
  year={1997},
  publisher={National Acad Sciences}
}
@article{ashkinhistory,
  title={History of optical trapping and manipulation of small-neutral particle, atoms, and molecules},
  author={Ashkin, Arthur},
  journal={IEEE Journal of Selected Topics in Quantum Electronics},
  volume={6},
  number={6},
  pages={841--856},
  year={2000},
  publisher={IEEE}
}
@book{townes2002laser,
  title={How the laser happened: Adventures of a scientist},
  author={Townes, Charles H},
  year={2002},
  publisher={Oxford University Press}
}
@article{ashkin1970acceleration,
  title={Acceleration and trapping of particles by radiation pressure},
  author={Ashkin, Arthur},
  journal={Physical Review Letters},
  volume={24},
  number={4},
  pages={156},
  year={1970},
  publisher={APS}
}
@article{ashkin1970atomicdeflection,
  title={Atomic-beam deflection by resonance-radiation pressure},
  author={Ashkin, Arthur},
  journal={Physical Review Letters},
  volume={25},
  number={19},
  pages={1321},
  year={1970},
  publisher={APS}
}
@article{ashkin1986observation,
  title={Observation of a single-beam gradient force optical trap for dielectric particles},
  author={Ashkin, Arthur and Dziedzic, James M and Bjorkholm, John E and Chu, Steven},
  journal={Optics Letters},
  volume={11},
  number={5},
  pages={288--290},
  year={1986},
  publisher={Optical Society of America}
}
@online{NobelPrizeChu,


  title = {The Nobel Prize in Physics 1997 website.},
author = {Nobel Prize Outreach AB 2024},
  note={\url {https://www.nobelprize.org/prizes/physics/1997/summary/}
[Accessed: (June 15, 2023)]
}
  
}
@article{weitenberg2011quantum,
  title={Quantum computation architecture using optical tweezers},
  author={Weitenberg, Christof and Kuhr, Stefan and M{\o}lmer, Klaus and Sherson, Jacob F},
  journal={Physical Review A},
  volume={84},
  number={3},
  pages={032322},
  year={2011},
  publisher={APS}
}
@article{mazzanti2023trapped,
  title={Trapped Ion Quantum Computing using Optical Tweezers and the Magnus Effect},
  author={Mazzanti, M and Gerritsma, R and Spreeuw, RJC and Safavi-Naini, A},
  journal={arXiv preprint arXiv:2301.04668},
  year={2023}
}
@misc{NobelPrizeAsh,

  title = {The Nobel Prize in Physics 2018 website.},
author = {Nobel Prize Outreach AB 2018},
  note={\url {https://www.nobelprize.org/prizes/physics/2018/summary/}
[Accessed: (April 09, 2023)]
}}
@book{jones2015optical,
  title={Optical tweezers: Principles and applications},
  author={Jones, Philip H and Marag{\`o}, Onofrio M and Volpe, Giovanni},
  year={2015},
  publisher={Cambridge University Press}
}
@article{ashkinmanipulationvirus,
  title={Optical trapping and manipulation of viruses and bacteria},
  author={Ashkin, Arthur and Dziedzic, James M},
  journal={Science},
  volume={235},
  number={4795},
  pages={1517--1520},
  year={1987},
  publisher={American Association for the Advancement of Science}
}
@article{sowa2005directmotor,
  title={Direct observation of steps in rotation of the bacterial flagellar motor},
  author={Sowa, Yoshiyuki and Rowe, Alexander D and Leake, Mark C and Yakushi, Toshiharu and Homma, Michio and Ishijima, Akihiko and Berry, Richard M},
  journal={Nature},
  volume={437},
  number={7060},
  pages={916--919},
  year={2005},
  publisher={Nature Publishing Group UK London}
}
@article{smith1996overstretchingdna,
  title={Overstretching B-DNA: the elastic response of individual double-stranded and single-stranded DNA molecules},
  author={Smith, Steven B and Cui, Yujia and Bustamante, Carlos},
  journal={Science},
  volume={271},
  number={5250},
  pages={795--799},
  year={1996},
  publisher={American Association for the Advancement of Science}
}
@book{round1990diatoms,
  title={Diatoms: biology and morphology of the genera},
  author={Round, Frank Eric and Crawford, Richard M and Mann, David G},
  year={1990},
  publisher={Cambridge university press}
}
@book{diatomworld,
  title={The diatom world},
  author={Seckbach, Joseph and Kociolek, Patrick},
  volume={19},
  year={2011},
  publisher={Springer Science \& Business Media}
}
@article{iceladregional,
  title={Regional variability of diatoms in ice cores from the Antarctic Peninsula and Ellsworth Land, Antarctica},
  author={Tetzner, Dieter R and Allen, Claire S and Thomas, Elizabeth R},
  journal={The Cryosphere},
  volume={16},
  number={3},
  pages={779--798},
  year={2022},
  publisher={Copernicus GmbH}
}
@article{aguirre2018diatomDNAViolet,
  title={Diatom frustules protect DNA from ultraviolet light},
  author={Aguirre, Luis Ever and Ouyang, Liangqi and Elfwing, Anders and Hedblom, Mikael and Wulff, Angela and Ingan{\"a}s, Olle},
  journal={Scientific Reports},
  volume={8},
  number={1},
  pages={5138},
  year={2018},
  publisher={Nature Publishing Group UK London}
}
@article{de2021underwater,
  title={Underwater light manipulation by the benthic diatom ctenophora pulchella: From PAR efficient collection to UVR screening},
  author={De Tommasi, Edoardo and Rea, Ilaria and Ferrara, Maria Antonietta and De Stefano, Luca and De Stefano, Mario and Al-Handal, Adil Y and Stamenkovi{\'c}, Marija and Wulff, Angela},
  journal={Nanomaterials},
  volume={11},
  number={11},
  pages={2855},
  year={2021},
  publisher={MDPI}
}
@article{hamm2003architecture,
  title={Architecture and material properties of diatom shells provide effective mechanical protection},
  author={Hamm, Christian E and Merkel, Rudolf and Springer, Olaf and Jurkojc, Piotr and Maier, Christian and Prechtel, Kathrin and Smetacek, Victor},
  journal={Nature},
  volume={421},
  number={6925},
  pages={841--843},
  year={2003},
  publisher={Nature Publishing Group UK London}
}
@book{falkowski2013aquatic,
  title={Aquatic photosynthesis},
  author={Falkowski, Paul G and Raven, John A},
  year={2013},
  publisher={Princeton University Press}
}
@article{carbonexport,
  title={Nanoplanktonic diatoms are globally overlooked but play a role in spring blooms and carbon export},
  author={Leblanc, Karine and Queguiner, Bernard and Diaz, Frederic and Cornet, Veronique and Michel-Rodriguez, M{\'o}nica and Durrieu de Madron, Xavier and Bowler, Chris and Malviya, Shruti and Thyssen, Melilotus and Gr{\'e}gori, G{\'e}rald and others},
  journal={Nature Communications},
  volume={9},
  number={1},
  pages={953},
  year={2018},
  publisher={Nature Publishing Group UK London}
}
@article{fuhrmann2004diatoms,
  title={Diatoms as living photonic crystals},
  author={Fuhrmann, T and Landwehr, S and El Rharbi-Kucki, M and Sumper, M},
  journal={Applied Physics B},
  volume={78},
  pages={257--260},
  year={2004},
  publisher={Springer}
}
@article{solardiatom,
  title={Diatom frustules enhancing the efficiency of gel polymer electrolyte based dye-sensitized solar cells with multilayer photoelectrodes},
  author={Bandara, TMWJ and Furlani, M and Albinsson, I and Wulff, Angela and Mellander, B-E},
  journal={Nanoscale Advances},
  volume={2},
  number={1},
  pages={199--209},
  year={2020},
  publisher={Royal Society of Chemistry}
}
@article{chen2015numerical,
  title={Numerical and experimental investigation of light trapping effect of nanostructured diatom frustules},
  author={Chen, Xiangfan and Wang, Chen and Baker, Evan and Sun, Cheng},
  journal={Scientific Reports},
  volume={5},
  number={1},
  pages={11977},
  year={2015},
  publisher={Nature Publishing Group UK London}
}
@article{nielsen2019microfluidics,
  title={Microfluidics: innovations in materials and their fabrication and functionalization},
  author={Nielsen, Jacob B and Hanson, Robert L and Almughamsi, Haifa M and Pang, Chao and Fish, Taylor R and Woolley, Adam T},
  journal={Analytical Chemistry},
  volume={92},
  number={1},
  pages={150--168},
  year={2019},
  publisher={ACS Publications}
}

@article{chin2012commercialization,
  title={Commercialization of microfluidic point-of-care diagnostic devices},
  author={Chin, Curtis D and Linder, Vincent and Sia, Samuel K},
  journal={Lab on a Chip},
  volume={12},
  number={12},
  pages={2118--2134},
  year={2012},
  publisher={Royal Society of Chemistry}
}
@article{marle2005microfluidicenviromental,
  title={Microfluidic devices for environmental monitoring},
  author={Marle, Leanne and Greenway, Gillian M},
  journal={TrAC Trends in Analytical Chemistry},
  volume={24},
  number={9},
  pages={795--802},
  year={2005},
  publisher={Elsevier}
}
@article{paegel2003microfluidicDNA,
  title={Microfluidic devices for DNA sequencing: sample preparation and electrophoretic analysis},
  author={Paegel, Brian M and Blazej, Robert G and Mathies, Richard A},
  journal={Current opinion in biotechnology},
  volume={14},
  number={1},
  pages={42--50},
  year={2003},
  publisher={Elsevier}
}
@article{wang2011enhancedmicroandopti,
  title={Enhanced cell sorting and manipulation with combined optical tweezer and microfluidic chip technologies},
  author={Wang, Xiaolin and Chen, Shuxun and Kong, Marco and Wang, Zuankai and Costa, Kevin D and Li, Ronald A and Sun, Dong},
  journal={Lab on a Chip},
  volume={11},
  number={21},
  pages={3656--3662},
  year={2011},
  publisher={Royal Society of Chemistry}
}
@article{ozkan2003opticalandmicrofluidicsreview,
  title={Optical manipulation of objects and biological cells in microfluidic devices},
  author={Ozkan, Mihrimah and Wang, Mark and Ozkan, Cengiz and Flynn, Richard and Esener, Sadik},
  journal={Biomedical Microdevices},
  volume={5},
  pages={61--67},
  year={2003},
  publisher={Springer}
}
@article{marago2013optical,
  title={Optical trapping and manipulation of nanostructures},
  author={Marago, Onofrio M and Jones, Philip H and Gucciardi, Pietro G and Volpe, Giovanni and Ferrari, Andrea C},
  journal={Nature Nanotechnology},
  volume={8},
  number={11},
  pages={807--819},
  year={2013},
  publisher={Nature Publishing Group UK London}
}
@book{svelto2010principles,
  title={Principles of lasers},
  author={Svelto, Orazio and Hanna, David C and others},
  volume={1},
  year={2010},
  publisher={Springer}
}

@misc{nilsson2020development,
  title={Development of next-generation optical tweezers: the new Swiss army knife of biophysical and biomechanical research [Master's thesis dissertation, Umeå University]},
  author={Nilsson, Daniel},
 note={Umeå University Publications Repository, 2020}
}

@misc{Edmund,
    title        = {Gaussian Beam Propagation
    },
    author       = {Edmund Optics Worldwide},
    
    note         = {\url{https://www.citedrive.com/overleaf} [Accessed: (November 12, 2022)]}
}

@book{saleh2019fundamentals,
  title={Fundamentals of photonics},
  author={Saleh, Bahaa EA and Teich, Malvin C.},
  year={2019},
  publisher={John Wiley \& sons}
}

@misc{FluorescenceM, title = {Fluorescence Microscopy - Anatomy of the Fluorescence Microscope | Olympus LS }, note = {\url{https://www.olympus-lifescience.com/es/microscope-resource/primer/techniques/fluorescence/anatomy/fluoromicroanatomy/}[Accessed: (November 13, 2022)]}} 

@misc{DiatomsofNorthAmerica, author= {Diatoms of North America website.}, title= {Stephanodiscus
genera}, note={\url{https://diatoms.org/species/stephanodiscus_reimeri/images#image-12821} [Accessed: (May 12, 2023)]} }

@misc{Thalassiosiraimage, author = {Encyclopedia of life.}, title={
Thalassiosira eccentrica EOL.}, note={\url{https://eol.org/pages/910382} [(Accessed: June 18, 2023)]}} 

@misc{Pedreira_2012, title={Navicula pupula - 588}, note={\url{https://www.biodiversidadvirtual.org/micro/Navicula-pupula-img588.html} [(Accessed: June 18, 2023)]}, journal={Biodiversidad Virtual Mundo Microscópico}, author={Pedreira, Antonio}}



@misc{DiatomsofNorthAmericadariana, author= {Diatoms of North America website.}, title= {Pinnularia
Ehrenb. 1843}, note={\url{https://diatoms.org/genera/pinnularia} [Accessed: (May 12, 2023)]}} 
@misc{Olympus, title= {Olympus IX70 Fluorescence Microscope Cutaway Diagram website}}
@misc{DiatomsofNorthAmericafragilaria, author= {Diatoms of North America website.}, title= {Fragilaria Lyngbye 1819}, note={\url{https://diatoms.org/genera/fragilaria} [Accessed: (May 12, 2023)]}} 
@misc{Fester_Davidson_Abramowitz, title={Olympus IX70 fluorescence microscope cutaway diagram}, note={\url{https://www.olympus-lifescience.com/en/microscope-resource/primer/techniques/fluorescence/ix70fluorescence/} [Accesed: (June 25, 2023)]}, publisher={Olympus America, Inc.}, author={Fester, William K and Davidson, Michael W and Abramowitz, Mortimer}} 
@misc{cyclotella, title={The Great Lakes | US EPA - U.S. Environmental Protection Agency.},note={\url{https://www.epa.gov/greatlakes} [Accessed: (June 10, 2023)] },}
    
@Inbook{Liu2008,
author="Liu, Xin
and Lin, Bingcheng",
editor="Li, Dongqing",
title="Materials Used in Microfluidic Devices",
bookTitle="Encyclopedia of Microfluidics and Nanofluidics",
year="2008",
publisher="Springer US",
address="Boston, MA",
pages="1065--1068",
isbn="978-0-387-48998-8",
doi="10.1007/978-0-387-48998-8_859",
url="https://doi.org/10.1007/978-0-387-48998-8_859"
}
@article{niculescu2022review,
  title={A review of microfluidic experimental designs for nanoparticle synthesis},
  author={Niculescu, Adelina and Mihaiescu, Dan E. and Grumezescu, Alexandru M.},
  journal={International Journal of Molecular Sciences},
  volume={23},
  number={15},
  pages={8293},
  year={2022},
  publisher={MDPI}
}
@article{de2007lensless,
  title={Lensless light focusing with the centric marine diatom Coscinodiscus walesii},
  author={De Stefano, Luca and Rea, Ilaria and Rendina, Ivo and De Stefano, Mario and Moretti, Luigi},
  journal={Optics Express},
  volume={15},
  number={26},
  pages={18082--18088},
  year={2007},
  publisher={Optica Publishing Group}
}
@inproceedings{lin1986lost,
  title={Where is the lost resolution?},
  author={Lin, Burn J},
  booktitle={Optical Microlithography V},
  volume={633},
  pages={44--50},
  year={1986},
  organization={SPIE}
}
@article{Wanucha_2012, title={The hidden life of ocean microbes}, note={\url{http://oceans.mit.edu/news/featured-stories/hidden-life-ocean-microbes.html} [Accessed: (October 04, 2023)]}, journal={Oceans at MIT}, publisher={MIT}, author={Wanucha, Genevieve}, year={2012}, month={Nov}} 

@article{pesce2020optical,
  title={Optical tweezers: theory and practice},
  author={Pesce, Giuseppe and Jones, Philip H and Marag{\`o}, Onofrio M and Volpe, Giovanni},
  journal={The European Physical Journal Plus},
  volume={135},
  pages={1--38},
  year={2020},
  publisher={Springer}
}
@article{callegari2015computational,
  title={Computational toolbox for optical tweezers in geometrical optics},
  author={Callegari, Agnese and Mijalkov, Mite and G{\"o}k{\"o}z, A Burak and Volpe, Giovanni},
  journal={Journal of the Optical Society of America B},
  volume={32},
  number={5},
  pages={B11--B19},
  year={2015},
  publisher={OSA}
}